This file was created with JabRef 2.2b2.
Encoding: Cp1252


@MISC{FLEX,
  author = {Flex},
  title = {Fast Lexical analyzer generator},
  howpublished = {Sourceforge},
  year = {2008},
  url = {http://flex.sourceforge.net/}
}

@MISC{BISON,
  author = {Charles Donnelly and Richard Stallman },
  title = {The Yacc-compatible Parser Generator},
  howpublished = {GNU Public Licence},
  year = {2013},
  url = {http://www.gnu.org/software/bison/manual/bison.pdf}
}

@MISC{INDENT,
  author = {Carlo Wood and Joseph Arceneaux and Jim Kingdon and David Ingamells},
  title = {Indent - Format C code},
  howpublished = {GNU Public Licence},
  year = {2008},
  url = {http://www.gnu.org/software/indent/manual/indent.pdf}
}


@MISC{FEEDBACK,
  author = {John V. Dempsey and Gregory C. Sales},
  title = {Interactive Instruction and Feedback.},
  year = {1993},
  volume = {1},
  number = {1},
  pages = {351},
  address = {Englewood Cliffs, New Jersey, USA},
  publisher = {Education Technology Publishers},
  issn = {0-87778-260-1},
}


@article{YACC,
  author = {John R. Levine},
  title = {flex and bison},
  year = {2009},
  volume = {1},
  number = {1},
  pages = {294},
  address = {Sebastopol, CA, USA},
  publisher = {Oâ€™Reilly Media, Inc.},
  issn = {978-0-596-15597-1},
}

@MISC{ANSI,
  author = {Jeff Lee and Tom Stockfisch and Jutta Degener},
  title = {\uppercase{ANSI C} Lex specification and \uppercase{ANSI C} 
  yacc grammar description},
  year = {1985, 1987, 1995},
  howpublished = {Usenet},
  url = {http://www.lysator.liu.se/c/ANSI-C-grammar-y.html}
}


@article{BISONBOOK,
  author = {Charles Donnelly and Richard Stallman},
  title = {Bison},
  year = {2009},
  volume = {1},
  number = {1},
  pages = {294},
  address = {Boston, MA, USA},
  publisher = {Free Software Foundation},
  issn = {1-882114-45-0},
}




@comment{jabref-meta: selector_publisher:}

@comment{jabref-meta: selector_author:}

@comment{jabref-meta: selector_journal:}

@comment{jabref-meta: selector_keywords:}

